%% This BibTeX bibliography file was created using BibDesk.
%% http://bibdesk.sourceforge.net/


%% Created for Lauro Cesar Araujo at 2013-08-21 10:57:09 -0300 


%% Saved with string encoding Unicode (UTF-8) 

%%----------------------------Referências------------------------------------------------------------------

%REFERENCIAS PARA INCLUIR



%-------------------------------------------------
 @ARTICLE{Lee,
 AUTHOR =	{S Lee and Y H Kuo},
 TITLE =	{Exact Solutions for the Analysis of General Elastically Restrained Nonuniform Beams.},
 JOURNAL =	{J. Appl. Mech},
 VOLUME =	{59},
 PAGES =	{205-212},
 YEAR =		{1992},
}
%-------------------------------------------------
 @ARTICLE{Prasad,
 AUTHOR =	{K S R K Prasad and A V Krishnamurthy},
 TITLE =	{Galerkin finite element method for vibration problems.},
 JOURNAL =	{Institute of Aeronautics and
Astronautics Journal},
 VOLUME =	{11},
 PAGES =	{544-546},
 YEAR =		{1973},
}
%-------------------------------------------------
@ARTICLE{Venkateswara,
 AUTHOR =	{G V Rao and K Kanaka Raju},
 TITLE =	{A Galerkin finite element analysis of a uniform beam carrying a concentrated mass and rotary inertia with a spring hinge.},
 JOURNAL =	{Journal of Soundand Vibration},
 VOLUME =	{37},
 PAGES =	{567-569},
 YEAR =		{1974},
}

@ARTICLE{Wang,
 AUTHOR =	{J-R Wang and T-L Liu and D-W Chein},
 TITLE =	{Free vibration analysis of a Timoshenko beam carrying multiple spring-mass systems with the effects of shear deformation and rotary inertia.},
 JOURNAL =	{Structural Engineering & Mechanic},
 VOLUME =	{26},
 PAGES =	{1-14},
 YEAR =		{2007},
}
%-------------------------------------------------
@ARTICLE{Kocaturk_2005,
 AUTHOR =	{T Kocaturk and M Sinsek},
 TITLE =	{Free vibration analysis of elastically supported Timoshenko beams.},
 JOURNAL =	{Journal of Engineering and Natural Sciences},
 VOLUME =	{23},
 PAGES =	{79-93},
 YEAR =		{2005},
}
%-------------------------------------------------
@article{doi:10.1061/(ASCE)0733-9399(2007)133:1(106),
author = {J. Dario Aristizabal-Ochoa},
title = {Tension and Compression Stability and Second-Order Analyses of Three-Dimensional Multicolumn Systems: Effects of Shear Deformations},
journal = {Journal of Engineering Mechanics},
volume = {133},
number = {1},
pages = {106-116},
year = {2007},
doi = {10.1061/(ASCE)0733-9399(2007)133:1(106)},
URL = {         http://dx.doi.org/10.1061/(ASCE)0733-9399(2007)133:1(106)},
eprint = {         http://dx.doi.org/10.1061/(ASCE)0733-9399(2007)133:1(106)}}
%------------------------------------------------
@ARTICLE{Hernandez,
 AUTHOR =	{E Hernandez and E Otárola and R Rodriguez and F Sahueza},
 TITLE =	{Finite element aproximation of the vibration problem for a Timoshenko curved rod.},
 JOURNAL =	{Revsita de La Union Matemática},
 VOLUME =	{49},
 PAGES =	{15-288},
 YEAR =		{2008},
}

%------------------------------------
@ARTICLE{Abbas84,
 AUTHOR =	{B A H Abbas},
 TITLE =	{Vibrations of beams with elastically restrained end.},
 JOURNAL =	{Journal of Sound and Vibration},
 VOLUME =	{97},
 PAGES =	{541-548},
 YEAR =		{1984},
}


@ARTICLE{THOMAS,
 AUTHOR =	{J Thomas and B A H Abbas},
 TITLE =	{Finite element model for dynamic analysis of Timoshenko beam.},
 JOURNAL =	{Journal of Sound and Vibration},
 VOLUME =	{41},
 PAGES =	{291-299},
 YEAR =		{1975},
}

 
@ARTICLE{Abbas,
 AUTHOR =	{B A H Abbas},
 TITLE =	{Simple finite elements for dynamic analysis of thick pre-twisted blades.},
 JOURNAL =	{Journal of Appied Mechanics},
 VOLUME =	{83},
 PAGES =	{450-453},
 YEAR =		{1979},
}



@ARTICLE{Chun,
 AUTHOR =	{K R Chun},
 TITLE =	{Free vibration of a beam with one end spring-hinged and the other free.},
 JOURNAL =	{ournal of Appied Mechanics},
 VOLUME =	{39},
 PAGES =	{1154-1155},
 YEAR =		{1972},
}

 
@ARTICLE{Lee,
 AUTHOR =	{T W Lee},
 TITLE =	{Vibration frequencies for a uniform beam with one end spring-hinged and carrying a mass at the other free end.},
 JOURNAL =	{Journal of Appied Mechanics},
 VOLUME =	{40},
 PAGES =	{813-815},
 YEAR =		{1973},
}
 
@ARTICLE{Macbain,
 AUTHOR =	{J C Macbain and Genin},
 TITLE =	{Effect of support flexibility on the fundamental frequency of vibrating beams.},
 JOURNAL =	{Journal of the Franklin Institute},
 VOLUME =	{296},
 PAGES =	{259-273},
 YEAR =		{1973},
}



@ARTICLE{Grant,
 AUTHOR =	{D A Grant},
 TITLE =	{Vibration frequencies for a uniform beam with one end elastically supported and carrying a mass at the other end.},
 JOURNAL =	{Journal of Applied Mechanics},
 VOLUME =	{42},
 PAGES =	{878-880},
 YEAR =		{1975},
}



@ARTICLE{Goel,
 AUTHOR =	{R P Goel},
 TITLE =	{Free vibrations of a beam-mass system with elastically restrained ends.},
 JOURNAL =	{Journal of Sound and Vibration},
 VOLUME =	{47},
 PAGES =	{9-14},
 YEAR =		{1976},
}

@ARTICLE{Naguleswaran,
 AUTHOR =	{S Naguleswaran},
 TITLE =	{Transverse vibration of an uniform Euler–Bernoulli beam under linearly varying axial force.},
 JOURNAL =	{Journal of Sound and Vibration},
 VOLUME =	{275},
 PAGES =	{47-57},
 YEAR =		{2004},
}



@ARTICLE{Kim,
 AUTHOR =	{H K Kim and M S Kim},
 TITLE =	{Vibration of Beams with generally restrained boundary conditions using Fourier series.},
 JOURNAL =	{Journal of Sound and Vibration},
 VOLUME =	{245},
 PAGES =	{771-784},
 YEAR =		{2001},
}


@ARTICLE{Hassan,
 AUTHOR =	{I H Hassan and Abdel-Halim },
 TITLE =	{Differential transformation technique for solving higher-order initial value problems.},
 JOURNAL =	{Applied Mathematics Computation},
 VOLUME =	{154},
 PAGES =	{299-311},
 YEAR =		{2004},
}



@ARTICLE{Nassar,
 AUTHOR =	{E M NASSAR and W H HORTON },
 TITLE =	{Static deflection of beams subjected to elastic rotational restraints.},
 JOURNAL =	{American Institute of Aeronautics and Astronautics Journal},
 VOLUME =	{14},
 PAGES =	{122-123},
 YEAR =		{1976},
}

 


@ARTICLE{Maurizi,
 AUTHOR =	{M J Maurizi and R E Rossr and J A Reyes},
 TITLE =	{Vibration frequencies for a uniform beam with one end spring-hinged and subjected to a translational restraint at the other end},
 JOURNAL =	{Sound and Vibration},
 VOLUME =	{48},
 PAGES =	{565-568},
 YEAR =		{1976},
}



@ARTICLE{Friedman,
 AUTHOR =	{Z Friedman and J B Kosmatka},
 TITLE =	{An improved two-node Timoshenko beam finite element},
 JOURNAL =	{Computers \& Structures},
 VOLUME =	{47},
 PAGES =	{473-481},
 YEAR =		{1993},
}



@ARTICLE{Severn,
 AUTHOR =	{R T Servern},
 TITLE =	{Inclusion of shear deformation in the stiffness matrix for a beam element.},
 JOURNAL =	{Strain Analysis},
 VOLUME =	{5},
 PAGES =	{239-241},
 YEAR =		{1970},
}

@ARTICLE{Archer,
 AUTHOR =	{J S Archer},
 TITLE =	{Consistent matrix formulations for struc- tural analysis using finite element techniques.},
 JOURNAL =	{ AIAA Jnl 3},
 VOLUME =	{3},
 PAGES =	{1910-1918},
 YEAR =		{1965},
}



@ARTICLE{Hughes,
 AUTHOR =	{T J R Hughes and R L Taylor and W Kanoknukulchoii},
 TITLE =	{A simple and efficient plate element for bending.},
 JOURNAL =	{ Int. J. Numer. Meth. Engng},
 VOLUME =	{11},
 PAGES =	{1529-1943},
 YEAR =		{1977},
}



@ARTICLE{Carnegie,
 AUTHOR =	{W Carnegie and J Thomas and E Dokumci},
 TITLE =	{An improved method of matrix displacement analysis in vibration problems.},
 JOURNAL =	{ Aeronaut. Quart.},
 VOLUME =	{20},
 PAGES =	{321-332},
 YEAR =		{1969},
}




@ARTICLE{wolf,
 AUTHOR =	{S B Dong  and G A  Secor},
 TITLE =	{Effect of transverse shear deformation on vibrations of planar structures com- posed of beam-type elements},
 JOURNAL =	{ J. Acoust. Sot. Am.},
 VOLUME =	{53},
 PAGES =	{12-127},
 YEAR =		{1973},
}




@ARTICLE{Nickell,
 AUTHOR =	{R E Nickell  and G A  Secor},
 TITLE =	{Convergence  of consistently  derived  Timoshenko  beam  finite  elements},
 JOURNAL =	{Int. J. Numer. Meth. Engn},
 VOLUME =	{5},
 PAGES =	{243-253},
 YEAR =		{1972},
}

@ARTICLE{Thomas,
 AUTHOR =	{D L Thomas and J M Wilson  and R R Wilson},
 TITLE =	{Timoshenko beam finite elements},
 JOURNAL =	{J. Sound Vibr.},
 VOLUME =	{31},
 PAGES =	{315-330},
 YEAR =		{1973},
}

@ARTICLE{Tessler,
 AUTHOR =	{A Tessler and S B Dong},
 TITLE =	{On a hierarchy of conforming Timoshenko beam elements},
 JOURNAL =	{Comput. Struct.},
 VOLUME =	{14},
 PAGES =	{335-344},
 YEAR =		{1981},
}

@ARTICLE{McCalley,
 AUTHOR =	{R B McCalley},
 TITLE =	{Rotary Inertia Correction for Mass Matrices},
 JOURNAL =	{General Electric Knolls Atomic Power Laboratory, Schenectady, New York.},
 VOLUME =	{Report DIG/SA},
 PAGES =	{63-73},
 YEAR =		{1963},
}

@ARTICLE{Davis,
 AUTHOR =	{R Davis and R D Henshell and G B Warburton},
 TITLE =	{A Timoshenko beam element},
 JOURNAL =	{J. Sound Vib.},
 VOLUME =	{22},
 PAGES =	{475-487},
 YEAR =		{1972},
}


@book{Przemieniecki,
 AUTHOR =	{J S Przemieniecki},
 TITLE =	{Theory  of  Matrix  Structural  Analysis},
 JOURNAL =	{J. Sound Vib.},
 VOLUME =	{22},
 PAGES =	{475-487},
 YEAR =		{1968},
}

%D.  L.  Thomas,  J.  M.  Wilson  and  R.  R.  Wilson, 
%Timoshenko  beam  finite  elements.  J.  Sound  Vibr.  31, 
%315-330  (1973). 

%A.  Tessler  and  S. B. Dong,  On  a hierarchy  of conform- 
%ing  Timoshenko  beam  elements.  Comput.  Struct.  14, 
%335-344  (1981). 

%4.  R.  B.  McCalley,  Rotary  Inertia  Correction  for  Mass 
%Matrices. General Electric Knolls Atomic Power Laboratory, 
%Schenectady, New York.  Report  DIG/SA 63-73 (1963). 

%7. R.  Davis,  R.  D.  Henshell  and  G.  B.  Warburton,  A 
%Timoshenko beam element. J. Sound Vib. 22,475-487 (1972). 

%8. D.  M.  Egle,  An  approximate  theory  for  transverse  shear 
%deformation  and  rotary  inertia  effects  in  vibrating  beams. 
%NASA CR-1317 (1969). 

%9. J.  S.  Przemieniecki,  Theory  of  Matrix  Structural  Analysis, 
%Chap. 5. McGraw-Hill, New York (1968). 


%% Elementos de Contorno-------------------------------------------------------------------------------------

@book{Brebbia1998,
	 date-Added ={2014-10-24 13:56:10 +0000},
	 date-Modified = {2014-10-24 13:56:10 +0000},
            author = {Brebbia , C A and Dominguez, J},
            pages = {325},
            publisher = {McGraw- Hill},
            title = {Boundary Elements an introduction course},
            year = {1998}}

@misc{Alves2006,
	date-Added ={2014-10-24 13:56:10 +0000},
	date-Modified = {2014-10-24 13:56:10 +0000},
           author = {Lucas Máximo Alves},
           title = {Apostila de métodos de elementos de contorno},
           year = {2006}}

@book{Boyce2010,
         	 date-Added ={2014-10-24 13:56:10 +0000},
	 date-Modified = {2014-10-24 13:56:10 +0000},
            author = {Boyce, William and Diprima, Richard},
            publisher = {LTC},
            title = {Equações Diferenciais Elementares e Problemas de Valores de Contorno},
            year = {2006}}

@misc{Provenzano2010,
	date-Added ={2014-10-24 13:56:10 +0000},
	date-Modified = {2014-10-24 13:56:10 +0000},
           author = {Luís Fernando Provenzano},
           title = {Introdução as equações diferenciais: um roteiro para estudo},
           year = {2010}}

%% Vibrações---------------------------------------------------------------

@misc{pinto2000,
	author = {Fernando Antônio Alves Pinto},
	date-Added ={2014-10-24 13:56:10 +0000},
	date-Modified = {2014-10-24 13:56:10 +0000},
	url = {http://www.cesec.ufpr.br/etools/firstapplets/faap/java.html},
	title = {Desenvolvimento de Aplicativos de Engenharia para Internet utilizando Java},
	urlaccessdate = {23 jul. 2012},
	year = {2000}}

@misc{Bastos2005,
	date-Added ={2014-10-24 13:56:10 +0000},
	date-Modified = {2014-10-24 13:56:10 +0000},
           author = {Paulo Sérgio dos Santos Bastos},
           title = {Vigas e lajes de concreto armado},
           year = {2005}}

@misc{Brandao2010,
	date-Added ={2014-10-24 13:56:10 +0000},
	date-Modified = {2014-10-24 13:56:10 +0000},
           author = {Alexandre A. B. Brandão}, 
           title = {O Método das Diferenças finitas Aplicado à Teoria das Vigas},
					year = {2010}}

@misc{Silva2005,
	date-Added ={2014-10-24 13:56:10 +0000},
	date-Modified = {2014-10-24 13:56:10 +0000},
           author = {S. F. Silva and L. J. Pedroso}, 
           title = {Método das Diferenças finitas em dinâmica de vigas profundas},
					year = {2005}}


@misc{Milfont2010,
	author = {Gilfran Milfont},
	date-Added ={2014-10-24 13:56:10 +0000},
	date-Modified = {2014-10-24 13:56:10 +0000},
	url = {http://www.poli.br/~gilfran.milfont/NOTAS_AULAS/5_Projeto%20de%20Vigas%20em%20Flexao.pdf},
          title = {Resistência dos Materiais. Análise e Projetos de Vigas em Flexão},
	urlaccessdate = {23 jul. 2012},
	year = {2010}}

@mastersthesis{Migotto2011,
	author = {D. Migotto},
	date-Added ={2014-10-24 13:56:10 +0000},
	date-Modified = {2014-10-24 13:56:10 +0000},
	School = {Universidade Federal de Santa Maria},
	Title = {Autofunções e Frequências de Vibração do Modelo Euler-Bernoulli para Vigas Não-Clássicas},
	Year = {2011}}

@book{Sussekind1994,
adress ={Porto Alegre},
	 date-Added ={2014-10-24 13:56:10 +0000},
	 date-Modified = {2014-10-24 13:56:10 +0000},
            author = {J. C. Sussekind},
            publisher = {Editora Globo},
            title = {Curso de Análise Estrutural - Vol.1},
						subtitle = {Estruturas Isostáticas},
            year = {1994}}
						
						@book{Sussekind19942,
						adress ={Porto Alegre},
	 date-Added ={2014-10-24 13:56:10 +0000},
	 date-Modified = {2014-10-24 13:56:10 +0000},
            author = {J. C. Sussekind},
            publisher = {Editora Globo},
            title = {Curso de Análise Estrutural - vol.2},
						subtitle = {Deformações em Estruturas e Método das Forças},
            year = {1994}}

@book{Szilard2004,
adress = {Englewood Cliffs},
	 date-Added ={2014-10-24 13:56:10 +0000},
	 date-Modified = {2014-10-24 13:56:10 +0000},
            author = {R. Szilard},
            title = {Theory and analysis of plates: classical and numerical methods},
            publisher = {New Jersey: Prentice-Hall},
						year = {1981}}


@mastersthesis{simone2002,
	address = {Curitiba},
	author = {Simone dos Santos Hoefel},
	date-Added ={2014-10-24 13:56:10 +0000},
	date-Modified = {2014-10-24 13:56:10 +0000},
	School = {Universidade Federal do Paraná},
	Title = {Método dos elementos compostos aplicados à análise de vibrações de viga de Timoshenko},
	Year = {2002}}

@phdthesis{vinicius2010,
	address = {São Carlos},
	author = {Vinicius Santos Andrade},
	date-Added ={2014-10-24 13:56:10 +0000},
	date-Modified = {2014-10-24 13:56:10 +0000},
	School = {Escola de Engenharia de São Carlos},
	Title = {Análise dinâmica de uma viga engastada excitada por uma fonte não ideal},
	Year = {2010}}

@article{Almeida2010,
          author = {A. C. Almeida, and J. J. de Lima Jr.},
          publisher = {Nono Simpósio de Mecânica Computacional},
          title = {{Comportamento dinâmico de uma viga de Euler-Bernoulli com apoios amortecidos e rigidez variável}},
          year = {2010}}

@misc{Rafael2012,
	date-Added ={2014-10-24 13:56:10 +0000},
	date-Modified = {2014-10-24 13:56:10 +0000},
           author = {Rafael Henrique Viana Abreu},
           title = {Análise do comportamento dinâmico em vibração livre de vigas pelo método das diferenças finitas},
           year = {2010}}

@misc{Piccoli2012,
	date-Added ={2014-10-24 13:56:10 +0000},
	date-Modified = {2014-10-24 13:56:10 +0000},
           author = {Humberto Camargo Piccoli},
           title = {Unidade 1 - Introdução ao estudo de vibrações},
           year = {2010}}


@book{Inman2002,
	 date-Added ={2014-10-24 13:56:10 +0000},
	 date-Modified = {2014-10-24 13:56:10 +0000},
            author = {Daniel J. Inman},
            publisher = {Prentice Hall},
            title = {Engineering Vibration},
            year = {1998}}

@book{Meirovitch2001,
	 date-Added ={2014-10-24 13:56:10 +0000},
	 date-Modified = {2014-10-24 13:56:10 +0000},
            author = {Leonard Meirovitch},
            publisher = {McGraw-Hill},
            title = {Fundamentals of Vibrations},
            year = {2001}}

@book{Petyt2010,
	 date-Added ={2014-10-24 13:56:10 +0000},
	 date-Modified = {2014-10-24 13:56:10 +0000},
            author = {Maurice Petyt},
            publisher = {Cambridge},
            title = {Finite Element Vibration Analysis},
            year = {2010}}

@book{Craig1981,
	 date-Added ={2014-10-24 13:56:10 +0000},
	 date-Modified = {2014-10-24 13:56:10 +0000},
            author = {Craig Roy R.},
            title = {Structural Dynamics},
            year = {1981}}

@book{Rao.2009,
            author = {Singiresu Rao},
            publisher = {Pearson},
            title = {Structural Dynamics},
            year = {2009}}

@book{GERE2009,
	 date-Added ={2014-10-24 13:56:10 +0000},
	 date-Modified = {2014-10-24 13:56:10 +0000},
            author = {James M. Gere and Barry J. Goodno},
            publisher = {CENGAGE Learning},
            title = {Mecânica dos Materiais},
            year = {2009}}

%% Elementos Finitos------------------------------------------------

@book{Kim2011,
	 date-Added ={2014-10-24 13:56:10 +0000},
	 date-Modified = {2014-10-24 13:56:10 +0000},
            author = {Nam-Ho Kim and Bhavani V. Sankar},
            publisher = {LTC},
            title = {Material Suplementar para acomphar Introdução à análises e ao projeto em elementos finitos},
            year = {2011}}

@misc{Silva2010,
	date-Added ={2014-10-24 13:56:10 +0000},
	date-Modified = {2014-10-24 13:56:10 +0000},
           author = {Samuel da Silva},
           title = {Introdução ao método dos elementos finitos},
           year = {2010}}

%%Materiais Compósitos--------------------------------

@book{George2005,
	 date-Added ={2014-10-24 13:56:10 +0000},
	 date-Modified = {2014-10-24 13:56:10 +0000},
            author = {George Z. Voyiadjis and Peter I. Kattan},
            publisher = {Springer},
            title = {Mechanics of Composite Materials with Matlab},
            year = {2005}}

@book{Gibson1994,
	 date-Added ={2014-10-24 13:56:10 +0000},
	 date-Modified = {2014-10-24 13:56:10 +0000},
            author = {Ronald F. Gibson},
            publisher = {McGraw-Hill},
            title = {Principles of composite material mechanics},
            year = {1994}}

@phdthesis{Simone2006,
	address = {Campinas},
	author = {Simone dos Santos Hoefel},
	date-Added ={2014-10-24 13:56:10 +0000},
	date-Modified = {2014-10-24 13:56:10 +0000},
	School = {Universidade Estadual de Campinas},
	Title = {Análises de Estruturas Tridimensionais de Laminados Através do método dos elementos de contorno},
	Year = {2006}}
	
	% -------------------------------------------------------------

@INPROCEEDINGS{deOliveira.Melo.2013,
 AUTHOR =	{L P R {de Oliveira} and F X Melo},
 TITLE =	{TPA as a tool for the desing of active noise control},
 BOOKTITLE =	{Proceedings of the International Symposium on Dynamic Problems of Mechanics - DINAME2013},
 YEAR =		{2013},
 ADDRESS =	{Buzios, Brazil},
}

% -------------------------------------------------------------

@INPROCEEDINGS{Rodriguez.etal.2006,
 AUTHOR =	{O M H Rodriguez and R F Mudde and R V A Oliemans},
 TITLE =	{Stability analysis of slightly-inclined stratified oil-water flow and intermediate wave theory},
 BOOKTITLE =	{Proceedings of the 11th Brazilian Congress of Thermal Sciences and Engineering - ENCIT2006},
 YEAR =		{2006},
 ADDRESS =	{Curitiba, Brazil},
}

% -------------------------------------------------------------

@INPROCEEDINGS{Trindade.Benjeddou.2011b,
 AUTHOR =	{M A Trindade and A Benjeddou},
 TITLE =	{Evaluation of effective material properties of thickness-shear piezoelectric macro-fibre composites},
 BOOKTITLE =	{Proceedings of the 21st International Congress of Mechanical Engineering - COBEM2011},
 YEAR =		{2011b},
 ADDRESS =	{Natal, Brazil},
}

% -------------------------------------------------------------

@MISC{ABCM04,
 AUTHOR =	{ABCM},
 TITLE =	{Journal of the {B}razilian {S}ociety of {E}ngineering and {M}echanical {S}ciences},
 HOWPUBLISHED =	{1 Feb. 2007 <http://www.abcm.org.br/journal/index.shtml>},
 YEAR = {2004},
}

% -------------------------------------------------------------

@MISC{MLA04,
 AUTHOR =	{MLA},
 TITLE =	{How do {I} document sources from the Web in my works-cited list?},
 HOWPUBLISHED =	{Modern Language Association. 22 Feb. 2007  <http://www.mla.org>},
 MONTH =	{Abril},
 YEAR =		{2004},	
}

% -------------------------------------------------------------

@BOOK{McConnell.Varoto.2008,
 AUTHOR =	{K G McConnell and P S Varoto},
 TITLE =	{Vibration Testing: Theory and Practice},
 PUBLISHER =	{John Wiley \& Sons},
 ADDRESS =	{New Jersey},
 EDITION = {2nd Edition},
 YEAR =		{2008},
}

% -------------------------------------------------------------

@MANUAL{Clark86,
 TITLE =	{Private Communication},
 AUTHOR =	{J A Clark},
 ORGANIZATION =	{University of Michigan},
 ADDRESS =	{Ann Harbor},
 YEAR =		{1986},
}

% -------------------------------------------------------------

@ARTICLE{Trindade.Benjeddou.2011a,
 AUTHOR =	{M A Trindade and A Benjeddou},
 TITLE =	{Finite element homogenization technique for the characterization of d15 shear piezoelectric macro-fibre composites},
 JOURNAL =	{Smart Materials and Structures},
 VOLUME =	{20},
 PAGES =	{075012},
 YEAR =		{2011a},
}

% -------------------------------------------------------------

@PHDTHESIS{Lee03,
 AUTHOR =	{Y B Lee},
 TITLE =	{Studies on the growth of the frost layer based on heat and mass transfer through porous media},
 SCHOOL =	{Seoul National University},
 ADDRESS =	{Seoul},
 YEAR =		{2003},
}

% -------------------------------------------------------------

@BOOK{Meirovitch.1975,
 AUTHOR =	{L Meirovitch},
 TITLE =	{Elements od vibration analysis},
 PUBLISHER =	{McGrawl-Hill},
 ADDRESS =	{Virginia},
 EDITION = {1st International Student},
 YEAR =		{1975},
}

% -------------------------------------------------------------

@BOOK{Balachandran.2009,
 AUTHOR =	{B Balachandran and E B Magrab},
 TITLE =	{Vibrations},
 PUBLISHER =	{Cengage Learning},
 ADDRESS =	{Canada},
 EDITION = {2nd},
 YEAR =		{2009},
}

% -------------------------------------------------------------

@book{Rayleigh.1877.1,
  title={The Theory of Sound},
  author={Rayleigh,},
   ADDRESS =	{New York},
  year={1877a},
  VOLUME =	{1},
  publisher={Macmillan}
}

% -------------------------------------------------------------

@ARTICLE{Han.etal.1999,
 AUTHOR =	{S M Han and H Benaroya and T Wei},
 TITLE =	{Dynamics of transversely vibrating beams using four engineering theories},
 JOURNAL =	{Journal of Sound and Vibration},
 VOLUME =	{225 (5)},
 PAGES =	{935-988},
 YEAR =		{1999},
}

% -------------------------------------------------------------

@ARTICLE{Goens.1931,
 AUTHOR =	{E Goens},
 TITLE =	{Uber die Bestimmung des Elastizitätsmodulus von Stäben mit Hilfe von Biegungsschwingungen},
 JOURNAL =	{Annalen der Physik},
 VOLUME =	{11},
 PAGES =	{649-678},
 YEAR =		{1931},
}

% -------------------------------------------------------------

@ARTICLE{Wang.1970,
 AUTHOR =	{T M Wang},
 TITLE =	{Natural frequencies of continuos timoshenko beams},
 JOURNAL =	{Journal of Sound and Vibrations},
 VOLUME =	{13 (4)},
 PAGES =	{409-414},
 YEAR =		{1970},
}

% -------------------------------------------------------------

@ARTICLE{Grant.1977,
 AUTHOR =	{D   A Grant},
 TITLE =	{The effect of roatory inertia and shear deformation on the frequency and normal mode equations of uniform beams carrying a concentrated mass},
 JOURNAL =	{Journal of Sound and Vibrations},
 VOLUME =	{57 (3)},
 PAGES =	{357-365},
 YEAR =		{1978},
}

% -------------------------------------------------------------

@ARTICLE{Stephen,
 AUTHOR =	{N   G Stephen},
 TITLE =	{Timoshenko's shear coefficients from a beam subject to gravited loading},
 JOURNAL =	{Journal of Applied Mechanical},
 VOLUME =	{47},
 PAGES =	{121-127},
 YEAR =		{1980},
}

%----------------------------------------------------------------------

@ARTICLE{gunda.etal,
 AUTHOR =	{J B Gunda and R K Gupta and R Gangul},
 TITLE =	{Hybrid stiff-string-polynimial
function for vibration analysis of high spped rotating beams},
 JOURNAL =	{Comp. \& Struct},
 VOLUME =	{87},
 PAGES =	{254-265},
 YEAR =		{2009},
}

%----------------------------------------------------------------------

@ARTICLE{pradhan1,
 AUTHOR =	{S C Pradhan},
 TITLE =	{Nonlocal finite element analysis and small scale effects of CNTs with Timoshenko beam theory},
 JOURNAL =	{Finite Element Anal. Des.},
 VOLUME =	{50},
 PAGES =	{8-20},
 YEAR =		{2012},
}


@ARTICLE{pradhan,
 AUTHOR =	{S C Pradhan and U Mandal},
 TITLE =	{Finite element analysis of CNTs based nonlocal elasticity and Timoshenko beam theory including thermal effect },
 JOURNAL =	{Phys. E},
 VOLUME =	{53},
 PAGES =	{223-232},
 YEAR =		{2013},
}


% ------------------------------------------------------------






@BOOK{Craig.1981,
            AUTHOR = {R R Craig},
            TITLE = {Structural Dynamics},
            PUBLISHER = {Jonh Willey \& Sons},
            ADDRESS =	{Canada},
            EDITION = {1st},
            YEAR = {1981}}

% ------------------------------------------------------------

@BOOK{Rao.2011,
            AUTHOR = {S S Rao},
            PUBLISHER = {Pearson},
            TITLE = {Mechanical vibrations},
            ADDRESS =	{United States of America},
            EDITION = {5th},
            YEAR = {2011}}

% ------------------------------------------------------------

@BOOK{Inman.2001,
            AUTHOR = {Daniel J. Inman},
            PUBLISHER = {Prentice Hall},
            ADDRESS =	{United States of America},
            EDITION = {2nd},
            TITLE = {Engineering Vibration},
            YEAR = {2001}}

% ------------------------------------------------------------

@BOOK{Meirovitch.2001,
            AUTHOR = {L Meirovitch},
            PUBLISHER = {McGraw-Hill},
            ADDRESS =	{Singapore},
            EDITION = {1st},
            TITLE = {Fundamentals of Vibrations},
            YEAR = {2001}}

% -------------------------------------------------------------

@BOOK{Timoshenko.1953,
 AUTHOR =	{S P Timoshenko},
 TITLE =	{History of strength of materials},
 PUBLISHER =	{McGrawl-Hill},
 ADDRESS =	{United States of America},
 EDITION = {1st},
 YEAR =		{1953},
}

% -------------------------------------------------------------

@BOOK{Harris.2002,
 AUTHOR =	{C M Harris and A G Piersol},
 TITLE =	{Harris' shock and vibration handbook},
 PUBLISHER =	{McGrawl-Hill},
 ADDRESS =	{United States of America},
 EDITION = {5th},
 YEAR =		{2002},
}

% -------------------------------------------------------------

@ARTICLE{Timoshenko.1921,
 AUTHOR =	{S P Timoshenko},
 TITLE =	{On the correction for shear of the differential equation for transverse vibration of prismatic bars},
 JOURNAL =	{Philosophical Magazine},
 VOLUME =	{41},
 PAGES =	{744-746},
 YEAR =		{1921},
}

% -------------------------------------------------------------

@ARTICLE{Kennedy.etal.2011,
 AUTHOR =	{G J Kennedy and J S Hansen and J R R A Martins},
 TITLE =	{A timoshenko beam theory with pressure corrections for layered orthotropic beams},
 JOURNAL =	{International Journal of Solids and Structures},
 VOLUME =	{48},
 PAGES =	{2373-2382},
 YEAR =		{2011},
}

% -------------------------------------------------------------

@ARTICLE{Sekhar.1994,
 AUTHOR =	{A S Sekhar and B S Prabhu},
 TITLE =	{Vibration and stress fluctuation in cracked shafts},
 JOURNAL =	{Journal of Sound and Vibration},
 VOLUME =	{169},
 PAGES =	{655-667},
 YEAR =		{1994},
}

% -------------------------------------------------------------

@ARTICLE{Banerjee.2000,
 AUTHOR =	{J R Banerjee},
 TITLE =	{Frequency equation and mode shape formulae for composite Timoshenko beams},
 JOURNAL =	{Computers \& Structures},
 VOLUME =	{51},
 PAGES =	{381-388},
 YEAR =		{2000},
}

% -------------------------------------------------------------

@ARTICLE{Barari.201,
 AUTHOR =	{A Barari and H D Kaliji and M Ghadimi and G Domairry},
 TITLE =	{Study of nonlinear vibration of Euler-Bernoulli beams by using analytical approximate techniques},
 JOURNAL =	{Latin American Journal os Solids and Structures},
 VOLUME =	{8},
 PAGES =	{139-148},
 YEAR =		{2011},
}

% -------------------------------------------------------------

@ARTICLE{Bagheri.etal.2014,
 AUTHOR =	{S Bagheri and A Nikkar and H Ghaffarzadeth},
 TITLE =	{Study of nonlinear vibration of Euler-Bernoulli beams by using analytical approximate techniques},
 JOURNAL =	{Latin American Journal os Solids and Structures},
 VOLUME =	{11},
 PAGES =	{157-168},
 YEAR =		{2014},
}

% -------------------------------------------------------------

@ARTICLE{He.2007,
 AUTHOR =	{J H He},
 TITLE =	{Study of nonlinear vibration of Euler-Bernoulli beams by using analytical approximate techniques},
 JOURNAL =	{Chaos, Solitons \& Fractals},
 VOLUME =	{34},
 PAGES =	{1430-1439},
 YEAR =		{2007},
}

% -------------------------------------------------------------

@ARTICLE{Huang.1961,
 AUTHOR =	{T C Huang},
 TITLE =	{The effect of rotatory inertia and of shear deformation on the frequency and normal mode equations of uniform beams with simple end conditions},
 JOURNAL =	{Journal of Applied Mechanics},
 VOLUME =	{28},
 PAGES =	{579-584},
 YEAR =		{1961},
}

%------------------------------------------------------

@BOOK{Euler.1744,
  title={Methodus inveniendi lineas curvas maximi minimive proprietate gaudentes, sive Solutio problematis isoperimetrici latissimo sensu accepti. Auctore Leonhardo Eulero ..},
  author={Euler, L. and Bousquet, Marc Michel \& C.},
  year={1744},
  publisher={apud Marcum-Michaelem Bousquet \& Socios}
}

%------------------------------------

@book{Timo.1937,
  title={Vibration Problems in Engineering},
  author={Timoshenko, S.P.},
  year={1937},
  publisher={D. Van Nostrand Company, Inc}
}

%---------------------------------------------

@ARTICLE{Nash.1953,
 AUTHOR =	{R W Traill-Nash and A R Collar},
 TITLE =	{The effects of shear flexibility and rotatory inertia on bending vibrations beams},
 JOURNAL =	{Quaterly Journal of Mechanics and Applied Mathematics},
 VOLUME =	{6},
 PAGES =	{186-213},
 YEAR =		{1953},
}

% -------------------------------------------------------------

@ARTICLE{Cooke.1982,
 AUTHOR =	{M Levinson and D W Cooke},
 TITLE =	{On the two frequency spectra of Timoshenko Beams},
 JOURNAL =	{Journal of Sound and Vibration},
 VOLUME =	{84},
 PAGES =	{319-326},
 YEAR =		{1982},
}

% -------------------------------------------------------------

@ARTICLE{Abbas.1975,
 AUTHOR =	{J Thomas and B A H Abbas},
 TITLE =	{Finite element model dor dynamic analysis of Timoshenko beam},
 JOURNAL =	{Journal of Sound and Vibration},
 VOLUME =	{41},
 PAGES =	{291-299},
 YEAR =		{1975},
}

% -------------------------------------------------------------

@ARTICLE{Kolsky.1964,
 AUTHOR =	{H Kolsky},
 TITLE =	{Stress waves in solids},
 JOURNAL =	{Journal of Sound and Vibration},
 VOLUME =	{1},
 PAGES =	{88-110},
 YEAR =		{1964},
}

% -------------------------------------------------------------

@ARTICLE{Cowper.1966,
 AUTHOR =	{G R Cowper},
 TITLE =	{The shear coefficient in Timoshenko's beam theory},
 JOURNAL =	{Journal of Applied Mechanics},
 VOLUME =	{33},
 PAGES =	{335-340},
 YEAR =		{1966},
}

% -------------------------------------------------------------

@ARTICLE{Prathap.1981,
 AUTHOR =	{G R Bhashyam and G Prathap},
 TITLE =	{The second frequency spectrum of Timoshenko beam},
 JOURNAL =	{Journal of Sound and Vibration},
 VOLUME =	{76},
 PAGES =	{407-420},
 YEAR =		{1981},
}

% -------------------------------------------------------------
@Book{ Vlasov,
title = { Thin-walled elastic beams },
author = { V. Z. Vlasov },
publisher = { Jerusalem : published for the National Science Foundation, Washington, D.C., by the Israel Program for Scientific Translations : [available from the Office of Technical Services, U.S. Dept of Commerce, Washington] },
year = { 1961 },
edition = { 2nd ed. rev. and augm. / translated from Russian [by Y. Schectman] },
subjects = { Elastic plates and shells; Girders; Elasticity },
language = { English },
catalogue-url = { http://trove.nla.gov.au/work/19734560 }
}
% -------------------------------------------------------------

@ARTICLE{Stephen.2006,
 AUTHOR =	{N G Stephen},
 TITLE =	{The second spectrum of Timoshenko beam theory - futher assessment},
 JOURNAL =	{Journal of Sound and Vibration},
 VOLUME =	{292},
 PAGES =	{372-389},
 YEAR =		{2006},
}

% -------------------------------------------------------------

@ARTICLE{Hathout.etal,
 AUTHOR =	{I Hathout and H Leipholz and K Singhal},
 TITLE =	{Sensitivity of the frequencies of damped Timoshenko beams},
 JOURNAL =	{Journal of Engineering Sciences},
 VOLUME =	{6},
 PAGES =	{113-121},
 YEAR =		{1980},
}



% -------------------------------------------------------------
@ARTICLE{Anderson.1953,
 AUTHOR =	{R A Anderson},
 TITLE =	{Flexural vibration in uniform beams according to the Timoshenko theory},
 JOURNAL =	{Journal of Applied Mechanics},
 VOLUME =	{20},
 PAGES =	{504-510},
 YEAR =		{1953},
}

% -------------------------------------------------------------


@INPROCEEDINGS{Anderson.2015,
 AUTHOR =	{A Soares and S Hoefel},
 TITLE =	{Modal analysis for free vibration of four beam theories},
 BOOKTITLE =	{Proceedings of the 23rd International Congress of Mechanical Engineering - COBEM2015},
 ADDRESS =	{Rio de Janeiro, Brazil},
 YEAR =		{2015},
 }

% -------------------------------------------------------------
@PHDTHESIS{Reis.1978,
 AUTHOR =	{Manoel de Andrade e Silva Reis},
 TITLE =	{Wave propagation in elastic beams and rods},
 SCHOOL =	{Massachusetts Institute of Technology},
 ADDRESS =	{Cambridge},
 YEAR =		{1978},
}

% -------------------------------------------------------------

@ARTICLE{Wang.2005,
 AUTHOR =	{X. Q. Wang and R. M. C. So},
 TITLE =	{Various standing waves in a Timoshenko beam},
 JOURNAL =	{Journal of Sound and Vibration},
 VOLUME =	{280},
 PAGES =	{311-328},
 YEAR =		{2005},
}

% -------------------------------------------------------------

@INPROCEEDINGS{Rayleigh.1877,
 AUTHOR =	{Rayleigh},
 TITLE =	{On progressive waves},
 BOOKTITLE ={Proceedings of the London Mathematical Society},
 VOLUME =	{IX},
 PAGES =	{21-26},
 ADDRESS =	{London},
 YEAR =		{1877b},
 }

% -------------------------------------------------------------
@article{Ritelli.2003,
  title={A NONLINEAR OSCILLATOR MODELING THE TRANSVERSE VIBRATIONS OF A ROD},
  author={Scarpello, G Mingari and Ritelli, D},
  journal={Rendiconti del Seminario Matematico Università e Politecnico di Torino},
  volume={61},
  pages={55-69},
  year={2003}
}
% -------------------------------------------------------------

@article{Euler.1773,
  title={De motu vibratorio laminarum elasticarum, ubi plures novae vibrationum species hactenus non pertractatae evolvuntur},
  author={Leonhard Euler},
  journal={Novi Commentarii academiae scientiarum Petropolitanae},
  volume={17},
  pages={449-487},
  year={1773}
}
% -------------------------------------------------------------

@ARTICLE{Challamel.2006,
 AUTHOR =	{N. Challamel},
 TITLE =	{On the comparison of Timoshenko and Shear models in Beam Dynamics},
 JOURNAL =	{Journal of Engineering Mechanics},
 VOLUME =	{132 (10)},
 PAGES =	{1141-1145},
 YEAR =		{2006},
}

% -------------------------------------------------------------

@ARTICLE{Downs.1976,
 AUTHOR =	{B. Downs},
 TITLE =	{Vibration of a uniform, simply supported Timoshenko beam without transverse deflection},
 JOURNAL =	{Journal of Applied Mechanics},
 VOLUME =	{43 (10)},
 PAGES =	{671-674},
 YEAR =		{1976},
}

% -------------------------------------------------------------

@ARTICLE{Smith.2008,
 AUTHOR =	{R. W. M. Smith},
 TITLE =	{Graphical representation of Timoshenko beam modes for clamped–clamped boundary conditions at high frequency: Beyond transverse deflection},
 JOURNAL =	{Wave Motion},
 VOLUME =	{45},
 PAGES =	{785-794},
 YEAR =		{2008},
}

% -------------------------------------------------------------

@ARTICLE{Park.2006,
 AUTHOR =	{Y. Park and S. Hong},
 TITLE =	{Vibrational energy flow analysis of corrected flexural waves in Timoshenko beam - Part I: Theory of an energetic model},
 JOURNAL =	{Shock and Vibration},
 VOLUME =	{13},
 PAGES =	{137-165},
 YEAR =		{2006},
}

% -------------------------------------------------------------


@ARTICLE{Tai.2016,
 AUTHOR =	{C. -Y. Tai and Y. J. Chan},
 TITLE =	{A hierarchic high-order Timoshenko beam ﬁnite element},
 JOURNAL =	{Computers and Structures},
 VOLUME =	{165},
 PAGES =	{48-58},
 YEAR =		{2016},
}

% -------------------------------------------------------------


@ARTICLE{Senja.2013,
 AUTHOR =	{I. Senjanovi\'c and N. Vladimir  and D. S. Cho},
 TITLE =	{A SHEAR LOCKING-FREE BEAM FINITE ELEMENT BASED ON 
THE MODIFIED TIMOSHENKO BEAM THEORY},
 JOURNAL =	{TRANSACTIONS OF FAMENA},
 VOLUME =	{XXXVII-4},
 PAGES =	{1-16},
 YEAR =		{2013},
}

% -------------------------------------------------------------

@ARTICLE{Kapur.1966,
 AUTHOR =	{Kanwar K. Kapur},
 TITLE =	{Vibrations of a Timoshenko Beam, Using Finite-Element Approach},
 JOURNAL =	{The journal of the Acoustical Society of America},
 VOLUME =	{1058 - 1063},
 PAGES =	{1-16},
 YEAR =		{1966},
}

% -------------------------------------------------------------
@book{tzafestas2013,
  title={Distributed Parameter Control Systems: Theory and Application},
  author={S. G. Tzafestas},
  isbn={9781483147383},
  series={International series on systems and control},
  url={https://books.google.com.br/books?id=nL0gBQAAQBAJ},
  year={2013},
  publisher={Elsevier Science}
}
% -------------------------------------------------------------


% -------------------------------------------------------------
% -------------------------------------------------------------
@ARTICLE{Cha,
 AUTHOR =	{Cha, P D},
 TITLE =	{Alternative formulations to obtain the eigensolutions of a continuos sctructure to which spring-mass systems are attached},
 JOURNAL =	{Journal of Sound and Vibration},
 VOLUME =	{246},
 PAGES =	{741-750},
 YEAR =		{2001},
}

% -------------------------------------------------------------
@ARTICLE{Chang,
 AUTHOR =	{Chang, C H},
 TITLE =	{Free vibration of a simply supported beam carrying a rigid mass at the middle},
 JOURNAL =	{Journal of Sound and Vibration},
 VOLUME =	{237(4)},
 PAGES =	{733-744},
 YEAR =		{2000},
}

% -------------------------------------------------------------
@ARTICLE{Chen,
 AUTHOR =	{Chen, Y},
 TITLE =	{On the vibration of beams or rods carrying a concentrated mass},
 JOURNAL =	{Journal of Applied Mechanics},
 VOLUME =	{30},
 PAGES =	{310-311},
 YEAR =		{1963},
}

% -------------------------------------------------------------
@ARTICLE{Dowell,
 AUTHOR =	{Dowell, E H},
 TITLE =	{On some general properties of combined dynamical systems},
 JOURNAL =	{Trans. ASME},
 VOLUME =	{46},
 PAGES =	{206-209},
 YEAR =		{1979},
}

% -------------------------------------------------------------
@ARTICLE{gurgoze.1984,
 AUTHOR =	{G\"urg\"oze, M},
 TITLE =	{A note on the vibrations of restrained beams and rods with point masses},
 JOURNAL =	{Journal of Sound and Vibration},
 VOLUME =	{96(4)},
 PAGES =	{461-468},
 YEAR =		{1984},
}

% -------------------------------------------------------------
@ARTICLE{gurgoze.1985,
 AUTHOR =	{G\"urg\"oze, M},
 TITLE =	{On the vibration of restrained beams and rods with heavy masses},
 JOURNAL =	{Journal of Sound and Vibration},
 VOLUME =	{100(4)},
 PAGES =	{461-468},
 YEAR =		{1985},
}

% -------------------------------------------------------------
@ARTICLE{gurgoze.1996,
 AUTHOR =	{G\"urg\"oze, M},
 TITLE =	{On the eigenfrequencies of a cantilever beam with attached tip mass and a spring-mass system},
 JOURNAL =	{Journal of Sound and Vibration},
 VOLUME =	{190},
 PAGES =	{149-162},
 YEAR =		{1996},
}

% -------------------------------------------------------------
@ARTICLE{gurgoze.1998,
 AUTHOR =	{G\"urg\"oze, M},
 TITLE =	{On the alternative formulations of the frequency equation of a Bernoulli-Euler beam to which several spring-mass systems are attached in-span},
 JOURNAL =	{Journal of Sound and Vibration},
 VOLUME =	{217},
 PAGES =	{585-595},
 YEAR =		{1998},
}

% -------------------------------------------------------------
@ARTICLE{Lin.and.Tsai,
 AUTHOR =	{Lin, H Y and Tsai, Y C},
 TITLE =	{Free vibration analysis of a uniform multi-span beam carrying multiple spring-mass systems},
 JOURNAL =	{Journal of Sound and Vibration},
 VOLUME =	{302},
 PAGES =	{442-456},
 YEAR =		{2007},
}

% -------------------------------------------------------------
@ARTICLE{Wu.and.Chen,
 AUTHOR =	{Wu, J S and Chen, D W},
 TITLE =	{Free vibration analysis of a Timoshenko beam carrying multiple Spring-mass systems by using the numerical assembly technique},
 JOURNAL =	{Int. J. Numerical Methods},
 VOLUME =	{50},
 PAGES =	{1039-1058},
 YEAR =		{2001},
}

% -------------------------------------------------------------
@ARTICLE{Wu.and.Chou,
 AUTHOR =	{Wu, J S and Chou, H M},
 TITLE =	{A new approach for determining the natural frequencies and mode shape of a uniform beam carrying any number of spring masses},
 JOURNAL =	{Journal of Sound and Vibration},
 VOLUME =	{220},
 PAGES =	{451-468},
 YEAR =		{1999},
}

% -------------------------------------------------------------
@ARTICLE{Han,
 AUTHOR =	{Han, S M and Benaroya, H and Wei, T},
 TITLE =	{Dynamics of transversely vibrating beams using four engineering theories},
 JOURNAL =	{Journal of Sound and Vibration},
 VOLUME =	{225(5)},
 PAGES =	{935-988},
 YEAR =		{1999},
}

% -------------------------------------------------------------
@article{Yesilce,
  title={Free vibrations of a multi-span Timoshenko beam carrying multiple spring-mass systems},
  author={Yesilce, Yusuf and Demirdag, Oktay and Catal, Seval},
  journal={Sadhana},
  volume={33(4)},
  pages={385--401},
  year={2008},
}

% -------------------------------------------------------------

@article{Maurizi,
  title={Free vibrations of uniform Timoshenko beams with ends elastically restrained against rotation and translation},
  author={Maurizi, MJ and Rossi, RE and Belles, PM},
  journal={Journal of Sound and Vibration},
  volume={141(2)},
  pages={359--362},
  year={1990},
}

% -------------------------------------------------------------

@article{Scedilakar,
  title={The effect of axial force on the free vibration of an Euler-Bernoulli beam carrying a number of various concentrated elements},
  author={{\c{S}}cedilakar, G{\"u}rkan},
  journal={Shock and Vibration},
  volume={20(3)},
  pages={357--367},
  year={2013},
  publisher={Hindawi Publishing Corporation}
}

% -------------------------------------------------------------

@mastersthesis{more2000,
  title={C{\'a}lculo de Modos Vibrat{\'o}rios no Modelo Estrutural de Euler-Bernoulli com Condi{\c{c}}ões de Contorno Não-Cl{\'a}ssicas},
  author={Morelatto, T{\^a}nia},
  year={2000},
  school={Instituto de Matemática, Universidade Federal do Rio Grande do Sul},
  address={Porto Alegre. 2000}
}

% -------------------------------------------------------------

@article{lin2005,
  title={On the natural frequencies and mode shapes of a uniform multi-span beam carrying multiple point masses},
  author={Lin, Hsien-Yuan and Tsai, Ying-Chien},
  journal={Structural Engineering and Mechanics},
  volume={21(3)},
  pages={351--367},
  year={2005},
  publisher={Techno-Press}
}

% -------------------------------------------------------------

@article{lin2006,
  title={On the natural frequencies and mode shapes of a multiple-step beam carrying a number of intermediate lumped masses and rotary inertias},
  author={Lin, Hsien-Yuan and Tsai, Ying-Chien},
  journal={Structural Engineering and Mechanics},
  volume={22(6)},
  pages={701--717},
  year={2006},
  publisher={Techno-Press}
}

% -------------------------------------------------------------

@mastersthesis{Jacomini,
  title={Abordagem anal{\'\i}tica para vibra{\c{c}}{\~o}es transversais de vigas multi-segmentadas com se{\c{c}}{\~a}o transversal cont{\'\i}nua},
  author={Jacomini, Nelson},
  year={2002},
  school={Universidade Federal do Rio Grande do Sul}
}

% ------------------------------------------------------------

@article{Avcar2014,
  TITLE={Free vibration analysis of beams considering different geometric characteristics and boundary conditions},
  AUTHOR={Avcar, Mehmet},
  JOURNAL={Journal of mechanics and applications},
  VOLUME={4(3)},
  PAGES={94--100},
  YEAR={2014}
}
% -------------------------------------------------------------

@article{lai,
  TITLE={n innovative eigenvalue problem solver for free vibration of Euler-Bernoulli beam by using the Adomian decomposition method},
  AUTHOR={H Y Lai and J C Hsu and C K Chen},
  JOURNAL={Computers and Mathematics with Applications},
  VOLUME={56},
  PAGES={3204--3220},
  YEAR={2008}
}
% -------------------------------------------------------------
@article{craver,
  title={Transverse vibrations of a linearly tapered cantilever beam with constraining springs},
  author={L {Craver Jr.} and P Jampala},
  journal={Journal of Sound and Vibration},
  volume={166},
  pages={521--529},
  year={1993},
}

% -------------------------------------------------------------

@article{chun1972,
  title={Free vibration of a beam with one end spring-hinged and the other free},
  author={K R Chun},
  journal={Journal of Applied Mechanics},
  volume={39},
  pages={1154--1155},
  year={1972},
}

% -------------------------------------------------------------

@article{mau,
  title={Vibration frequencies for a beam with one end spring-hinged and
subjected to a translational restraint at the other end},
  author={M J Maurizi and R E Rosi and J A Reyes},
  journal={Journal of Sound and Vibration},
  volume={48},
  pages={565--568},
  year={1976},
}

% -------------------------------------------------------------

@article{chen1996,
  title={Application of differential transformation to eigenvalue problems},
  author={C K Chen and S H Ho},
  journal={Appl. Math. Comput.},
  volume={79},
  pages={173--188},
  year={1996},
}

% -------------------------------------------------------------

@article{wang,
  title={Dynamic Analysis of generally supported beams using Fourier Series},
  author={J T S Wang and C C Lin},
  journal={Journal of Sound and Vibration},
  volume={196(3)},
  pages={285--293},
  year={1996},
}

% -------------------------------------------------------------

@article{yeih,
  title={Applications of dual MRM for determining the natural frequencies and natural modes of an Euler-Bernoulli beam using the singular value decomposition method},
  author={W Yeih and J T Chen and C M Chang},
  journal={Engineering Analysis with Boundary Elements},
  volume={23},
  pages={339--360},
  year={1999},
}

% -------------------------------------------------------------

@article{jang,
  title={On solving the initial value problems using the differential transformation method},
  author={M J Jang and C L Chen and and Y C Liy},
  journal={Appl. Math. Comput.},
  volume={115},
  pages={145--360},
  year={2000},
}

% -------------------------------------------------------------

@article{kim,
  title={Vibration of Beams with generally restrained boundary conditions using Fourier series},
  author={H K Kim and M  Kim},
  journal={Journal of Sound and Vibration},
  volume={245(5)},
  pages={771--784},
  year={2001},
}

% -------------------------------------------------------------

@article{schwarz,
  title={Scaling mode shapes obtained from operating data},
  author={B Schwarz and M Richardson},
  journal={Journal of Sound and Vibration},
  volume={37(11)},
  pages={18--23},
  year={2003},
}

% -------------------------------------------------------------

@article{grossi,
  title={A variational approach to the vibration of tapered beams with elastically restrained ends},
  author={R O Grossi and Arenas, B del V},
  journal={Journal of Sound and Vibration},
  volume={195},
  pages={507--511},
  year={1996},
}

% -------------------------------------------------------------

@article{rosa,
  title={Free vibrations of tapered beams with ﬂexible ends},
  author={M A {De Rosa} and N M Auciello},
  journal={Computers \& Structures},
  volume={60},
  pages={197--202},
  year={1996},
}

% -------------------------------------------------------------

@article{zhou,
  title={The free vibrations of a type of tapered beams},
  author={D Zhou and Y K Cheung},
  journal={Computer methods in applied mechanics and engineering},
  volume={188},
  pages={203--216},
  year={2000},
}

% -------------------------------------------------------------

@article{liu,
  title={The use of He’s variational iteration method for obtaining the free vibration of an Euler–Bernoulli beam},
  author={Yucheng Liu and Chandra S. Gurram},
  journal={Mathematical and Computer Modelling},
  volume={50},
  pages={1545--1552},
  year={2009},
}

% -------------------------------------------------------------

@BOOK{bolotin,
  AUTHOR =       {V V Bolotin},
  TITLE =        {Nonconservative Problems of the Theory of Elastic Stability},
  PUBLISHER =    {Macmillan Co.},
  YEAR =         {1963},
  address =      {New York}
  
}
% -------------------------------------------------------------

@article{euler,
  title={De motu vibratorio laminarum elasticarum, ubi plures novae vibrationum species hactenus non pertrac-tatae evolvuntur.},
  author={L Euler},
  journal={Novi Commentarii academiae scientiarum Petropolitanae},
  volume={17},
  pages={449--487},
  year={1773},
}

% -------------------------------------------------------------

@ARTICLE{TobeandSato.1973,
 AUTHOR =	{T Tobe and K Sato},
 TITLE =	{Lateral vibrations of cantilevers considering the effects of rotary inertia, shear flexibility and solid viscosity},
 JOURNAL =	{Bulletin of the Japanese Society of Mechanical Engineers},
 VOLUME =	{16},
 PAGES =	{696-703},
 YEAR =		{1973},
}

% -------------------------------------------------------------

@ARTICLE{Dolph.1954,
 AUTHOR =	{C Dolph},
 TITLE =	{On the Timoshenko theory of transverse beam vibrations},
 JOURNAL =	{Quarterly of Applied Mathematics},
 VOLUME =	{12},
 PAGES =	{175-187},
 YEAR =		{1954},
}

% -------------------------------------------------------------


 % -------------------------------------------------------------