@phdthesis{romo2016diseno,
  title={Dise{\~n}o e Implementaci{\'o}n de dos Robots de Competencia (Seguidor de L{\'\i}nea Especialidad Velocista, Laberinto).},
  author={Romo Caicedo, Diego Antonio and Toca Trujillo, Luis Edison},
  year={2016},
  school={Quito, 2016.}
}
@phdthesis{BORGES:2013,
  title={Desenvolvimento de um robo para
o concurso Micromouse},
  author={Davide Jose Dias Borges},
  year={2013},
  school={TRAS-OS-MONTES E ALTO DOURADO, 2013.}
}
@article{nunezdiseno,
  title={Dise{\~n}o y construcci{\'o}n de Micromouse de alto desempe{\~n}o},
  author={Nu{\~n}ez Torres, Manuel J and Ramirez, Heredia Ricardo},
  year={2016},
}
@INPROCEEDINGS{5656597, 
author={A. M. J. Sadik and M. A. Dhali and H. M. A. B. Farid and T. U. Rashid and A. Syeed}, 
booktitle={2010 International Conference on Artificial Intelligence and Computational Intelligence}, 
title={A Comprehensive and Comparative Study of Maze-Solving Techniques by Implementing Graph Theory}, 
year={2010}, 
volume={1}, 
pages={52-56}, 
keywords={artificial intelligence;graph theory;microrobots;mobile robots;path planning;3D square maze solving technique;Micromouse;artificial intelligence technique;autonomous robot;graph theory;Algorithm design and analysis;Artificial intelligence;Bellows;Graph theory;Mice;Robots;Simulation;Depth search;Flood-fill;Graph Theory;Micromouse;Tremaux}, 
doi={10.1109/AICI.2010.18}, 
month={Oct},}
@INPROCEEDINGS{4590281, 
author={Duyao Wang and Xiaoqing Yu and Wanggen Wan and Hongfu Xu}, 
booktitle={2008 International Conference on Audio, Language and Image Processing}, 
title={A new method of infrared sensor measurement for micromouse control}, 
year={2008}, 
pages={784-787}, 
keywords={infrared detectors;mouse controllers (computers);photodetectors;controlling system;hardware circuit design;infrared sensor measurement;micromouse control;photoelectric sensor;right-angle turn;searching way algorithm;shortest path algorithm;turning function;Circuit synthesis;Control systems;Costs;Hardware;Infrared detectors;Infrared sensors;Noise measurement;Sensor phenomena and characterization;Software algorithms;Wheels}, 
doi={10.1109/ICALIP.2008.4590281}, 
month={July},}
@INPROCEEDINGS{6949354, 
author={B. Gupta and S. Sehgal}, 
booktitle={2014 5th International Conference - Confluence The Next Generation Information Technology Summit (Confluence)}, 
title={Survey on techniques used in Autonomous Maze Solving Robot}, 
year={2014}, 
pages={323-328}, 
keywords={microrobots;mobile robots;autonomous maze solving robot;micromouse;referenced algorithms;Algorithm design and analysis;Complexity theory;Floods;Information technology;Mice;Next generation networking;Robots;Autonomous;Maze;Mediation;Micromouse;Robot}, 
doi={10.1109/CONFLUENCE.2014.6949354}, 
month={Sept},}
@INPROCEEDINGS{7344200, 
author={G. Lopez and D. Ramos and K. Rivera and K. del Valle and A. Rodriguez and E. I. O. Rivera}, 
booktitle={2015 IEEE Frontiers in Education Conference (FIE)}, 
title={Micromouse: An autonomous robot vehicle interdisciplinary attraction to education and research}, 
year={2015}, 
pages={1-5}, 
keywords={computer aided instruction;control engineering computing;control engineering education;educational robots;microrobots;mobile robots;team working;ARV projects;assembling;autonomous robot vehicle;design;engineering concentrations;interactive classes;interdisciplinary attraction;micromouse;programming;small robot;student creativity;students interest;students motivation;teamwork skills;testing;Computers;DC motors;Engineering profession;Magnetic levitation;Robots;Sensors;Vehicles;Autonomous Robot Vehicle;Education;Micromouse;STEM;Undergraduate Research}, 
doi={10.1109/FIE.2015.7344200}, 
month={Oct},}

@INPROCEEDINGS{7344099, 
author={S. Dai and B. Zhao and Z. Li and M. Dai}, 
booktitle={2015 IEEE Frontiers in Education Conference (FIE)}, 
title={Design and practice from the micromouse competition to the undergraduate curriculum}, 
year={2015}, 
pages={1-5}, 
keywords={educational courses;electronic engineering education;embedded systems;further education;microrobots;teaching;electronic engineering education;embedded system;foundation course;micromouse competition;robot mice design;teaching process;undergraduate curriculum;Algorithm design and analysis;Debugging;Education;Hardware;Software;Software algorithms;Standards;Academic competitions;Innovative teaching;Micromouse;Practice course}, 
doi={10.1109/FIE.2015.7344099}, 
month={Oct},}
@article{lin2010design,
  title={Design and Implementation of a Micromouse [D]},
  author={Lin, GE},
  journal={Taiwan: Lunghwa University of Science and Technology},
  year={2010},
}
@article{utad,
  title={A Iniciativa micromouse e o Est\'{i}mulo ao Saber Tecnol\'{o}gico no Ensino Pr\'{e}-Universit\'{a}rio},
  author={S\'{e}rgio Silva and Salviano Soares and Ant\'{o}nio Valente and Rolando Barradas and Paulo Bartolomeu},
  year={2015},
  pages={59-67}, 
}
@article{Sharma:2009,
  title={Algorithms for micro-mouse},
  author={M. Sharma},
  year={2009},
  pages={581-585}, 
}
@manual{lab:2017,
author={Kleber Lima da Silva},
title={Construa seu pr\'{o}prio labirinto para testes},
url={https://kleberufu.wixsite.com/micromousebrasil/single-post/2015/08/04/Construa-seu-próprio-maze-para-testes},
year={2015}

}
@manual{solver:2013,
author={solver},
title={maze-solve},
url={http://code.google.com/p/maze-solver/},
year={2013}

}
@manual{umart:2015,
author={Kleber Lima da Silva},
title={Manual do umart Lite Plus},
url={http://kleberufu.wixsite.com/micromousebrasil},
year={2015}
}
@manual{shannon:2012,
author={C. E Shannon},
title={Biography},
url={http://spectrum.ieee.org/computing/software/claude-shannon-tinkerer-prankster-and-father-of-information-theory},
year={2016}
}
@manual{Snapp:2010,
author={R. R. Snapp},
title={Threading mazes},
url={http://www.cems.uvm.edu/~rsnapp/teaching/cs32/lectures/tremaux.pdf.},
year={2010}
}
@article{rosaalgoritmo,
  title={UM ALGORITMO PARA A SOLU{\c{C}}{\~A}O DE LABIRINTOS COM USO DE UM ROB{\^O} M{\'O}VEL},
  author={ROSA, ANDERSON S and LIMA, HANS ROLF KULITZ and SALOM{\~A}O, JO{\~A}O MARQUES},
  journal={SBAi 2015},
  year={2015},
}
@ARTICLE{Christian:2014, 
author={D. Christiansen}, 
journal={IEEE Spectrum}, 
title={The amazing micromouse roars on [Spectral Lines]}, 
year={2014}, 
volume={51}, 
number={5}, 
pages={8-8}, 
doi={10.1109/MSPEC.2014.6808441}, 
ISSN={0018-9235}, 
month={May},}

@ARTICLE{yadav:2012, 
author={Sandeep Yadav and Kamal Kumar Verma and Swetamadhab Mahanta}, 
journal={International Journal of Engineering and Advanced Technology (IJEAT)}, 
title={The Maze Problem Solved by Micro mouse}, 
year={2014}, 
volume={1}, 
number={4}, 
pages={157-162}, 
ISSN={2249 – 8958}, 
month={April},}
@INPROCEEDINGS{6852576, 
author={J. H. Su and H. H. Huang and C. S. Lee}, 
booktitle={The 26th Chinese Control and Decision Conference (2014 CCDC)}, 
title={A simple and efficient diagonal maze-solver for micromouse contests and intelligent mobile robot education}, 
year={2014}, 
pages={2407-2411}, 
keywords={control engineering computing;control engineering education;firmware;graphical user interfaces;intelligent robots;microcontrollers;mobile robots;mouse controllers (computers);robot programming;MATLAB GUIDE;MATLAB graphical user interface development environment;dsPIC 16-bit microcontroller;firmware implementation;intelligent mobile robot education;micromouse contests;time-based diagonal maze-solver;Acceleration;Educational robots;Floods;Microcontrollers;Microprogramming;Mobile robots;Diagonal maze solver;Intelligent mobile robots;Micromouse}, 
doi={10.1109/CCDC.2014.6852576}, 
ISSN={1948-9439}, 
month={May},}

@INPROCEEDINGS{remendo1, 
author={Guillermo Lopez and Daniel Ramos and Kevin Rivera and Kelvin del Valle and Angel Rodriguez and Eduardo I. Ortiz Rivera}, 
booktitle={2015 IEEE Frontiers in Education Conference (FIE)}, 
title={Micromouse: An Autonomous Robot Vehicle Interdisciplinary Attraction to Education and Research}, 
year={2015},
doi={10.1109/FIE.2015.7344099}, 
month={Oct},}
}
@INPROCEEDINGS{remendo3, 
author={Sandeep Yadav and Kamal Kumar Verma and Swetamadhab Mahanta}, 
booktitle={2012 IEEE Frontiers in Education Conference (FIE)}, 
title={The Maze Problem Solved by Micro mouse}, 
year={2012},
doi={10.1109/FIE.2015.7344099}, 
month={Apr},}
}
@INPROCEEDINGS{Tamura:2006, 
author={K. Tamura and H. Ohmori}, 
booktitle={2006 SICE-ICASE International Joint Conference}, 
title={Auto-Tuning Method of Expanded PID Control for MIMO Systems}, 
year={2006}, 
pages={3270-3275}, 
keywords={Lyapunov methods;MIMO systems;adaptive control;asymptotic stability;closed loop systems;linear systems;matrix algebra;self-adjusting systems;three-term control;time-varying systems;Lyapunov stability;MIMO linear system;almost strictly positive real property;asymptotical stability;auto-tuning method;closed-loop system;expanded PID control;hypothetical system;time-varying PID parameter matrix;Adaptive control;Control systems;Linear systems;Lyapunov method;MIMO;Output feedback;Programmable control;Regulators;Three-term control;Time varying systems;MIMO linear system;PID control;almost strictly positive real (ASPR);auto-tuning}, 
doi={10.1109/SICE.2006.314919}, 
month={Oct},}
@article{katsuhiko2011engenharia,
  title={Engenharia de Controle Moderno},
  author={Katsuhiko, Ogata},
  journal={KATSUHIKO Ogata, 5th Ed. 801p},
  year={2011}
}
@phdthesis{barccante2011controle,
  title={Controle PID multivari{\'a}vel descentralizado: sintonia e aplica{\c{c}}{\~a}o pr{\'a}tica},
  author={Bar{\c{c}}ante, Guilherme Medeiros},
  year={2011}
}

@INPROCEEDINGS{6734188, 
author={J. H. Su and H. H. Huang and C. S. Lee}, 
booktitle={2013 CACS International Automatic Control Conference (CACS)}, 
title={Behaveior model simulations of micromouse and its application in intelligent mobile robot education}, 
year={2013}, 
pages={511-515}, 
keywords={digital control;educational institutions;educational robots;educational technology;electronic engineering education;graphical user interfaces;mathematics computing;microrobots;mobile robots;motion control;path planning;robot dynamics;GUIDE;MATLAB behavior simulations;SIMULINK behavior simulations;Taiwan;behavior model simulations;contest oriented project;diagonal maze-solving algorithms;differential drive mobile robot dynamics;digital motion control techniques;digital motion feedback controllers;electrical engineering students;electronic engineering students;graphical user interface development environment;intelligent mobile robot education;micromouse;path planning algorithms;technology oriented universities;Acceleration;Educational robots;Floods;Mathematical model;Mobile robots;Trajectory}, 
doi={10.1109/CACS.2013.6734188}, 
month={Dec},}
@INPROCEEDINGS{6332345, 
author={Z. Cai and L. Ye and A. Yang}, 
booktitle={2012 IEEE 14th International Conference on High Performance Computing and Communication 2012 IEEE 9th International Conference on Embedded Software and Systems}, 
title={FloodFill Maze Solving with Expected Toll of Penetrating Unknown Walls for Micromouse}, 
year={2012}, 
pages={1428-1433}, 
keywords={computational complexity;inference mechanisms;intelligent robots;mobile robots;ET-Floodfill;Floodfill algorithm;Floodfill intelligence;Micromouse competition;expected toll;floodfill maze solving;fundamental working logic;intelligent robot;unknown walls penetration;unreasonable assumptions;Algorithm design and analysis;Educational institutions;Flowcharts;Robots;Simulation;Turning;expected toll;floodfill;intelligent algorithm;maze solving;micromouse}, 
doi={10.1109/HPCC.2012.209}, 
month={June},}
@INPROCEEDINGS{5971240, 
author={S. G. Kibler and A. E. Hauer and D. S. Giessel and C. S. Malveaux and D. Raskovic}, 
booktitle={2011 IEEE International Conference on Mechatronics}, 
title={IEEE Micromouse for mechatronics research and education}, 
year={2011}, 
pages={887-892}, 
keywords={control engineering education;mechatronics;micromechanical devices;mobile robots;IEEE NW Area Micromouse Competition;IEEE micromouse;communication skills;mechatronics education;mechatronics research;route planning;small robots;team work;time management;university level competition;Education;Educational robots;Mobile robots;Wheels;Education;Mechatronics;Micromouse;Research}, 
doi={10.1109/ICMECH.2011.5971240}, 
month={April},}
@INPROCEEDINGS{4590281, 
author={Duyao Wang and Xiaoqing Yu and Wanggen Wan and Hongfu Xu}, 
booktitle={2008 International Conference on Audio, Language and Image Processing}, 
title={A new method of infrared sensor measurement for micromouse control}, 
year={2008}, 
pages={784-787}, 
keywords={infrared detectors;mouse controllers (computers);photodetectors;controlling system;hardware circuit design;infrared sensor measurement;micromouse control;photoelectric sensor;right-angle turn;searching way algorithm;shortest path algorithm;turning function;Circuit synthesis;Control systems;Costs;Hardware;Infrared detectors;Infrared sensors;Noise measurement;Sensor phenomena and characterization;Software algorithms;Wheels}, 
doi={10.1109/ICALIP.2008.4590281}, 
month={July},}
@INPROCEEDINGS{5658360, 
author={Xihua Li and Xiang Jia and Xudan Xu and Jin Xiao and Haiyue Li}, 
booktitle={2010 IEEE International Conference on Intelligent Computing and Intelligent Systems}, 
title={An improved algorithm of the exploring process in Micromouse Competition}, 
year={2010}, 
volume={2}, 
pages={324-328}, 
keywords={mobile robots;optimisation;path planning;International Institute of Electrical and Electronics Engineering;artificial intelligence;dead end exclusion algorithm;dead zone;international event;maze algorithm;micromouse competition;osmosis algorithm;osmosis idea;shortest path;spatial optimization;temporal optimization;Micromouse;dead-end;dead-zone;osmosis}, 
doi={10.1109/ICICISYS.2010.5658360}, 
month={Oct},}
@INPROCEEDINGS{5578409, 
author={J. Cai and X. Wan and M. Huo and J. Wu}, 
booktitle={2010 10th IEEE International Conference on Computer and Information Technology}, 
title={An Algorithm of Micromouse Maze Solving}, 
year={2010}, 
pages={1995-2000}, 
keywords={microrobots;mobile robots;path planning;embedded micro-control-chip;maze exploring algorithm;micromouse competition maze;micromouse maze solving;partition-central algorithm;simulation program;wheeled robot;Algorithm design and analysis;Chromium;Legged locomotion;Load modeling;Partitioning algorithms;Software;Software algorithms;Maze;Micromouse;Partition-central Algorithm;Simulator}, 
doi={10.1109/CIT.2010.337}, 
month={June},}
@Book{FRANKLIN:2013,
  title     = {Sistemas de Controle para Engenharia},
  publisher = {Bookman},
  year      = {2013},
  author    = {Gene F. Franklin and J. David Powell and Abbas Emani-Naeini}
}
@INPROCEEDINGS{ieeeMimo1, 
author={A. Balestrino and E. Crisostomi}, 
booktitle={SPEEDAM 2010}, 
title={Advanced PID controllers in MIMO systems}, 
year={2010}, 
pages={693-696}, 
keywords={MIMO systems;decentralised control;stability;three-term control;variable structure systems;MIMO systems;PID controllers;decentralised control;multiple input multiple output systems;proportional-integral-derivative regulators;regulator gains;stability;variable structure-proportional controller;Control systems;Distributed control;Electrical equipment industry;Industrial control;MIMO;Process control;Proportional control;Regulators;Stability;Three-term control;MIMO Systems;PID Control;Variable Structure System}, 
doi={10.1109/SPEEDAM.2010.5542072}, 
month={June},}
@article{demodelo,
  title={Modelo Matem{\'a}tico Discreto de uma Planta T{\'e}rmica pelo M{\'e}todo das Diferen{\c{c}}as (Backward Diference) e uma Estima{\c{c}}{\~a}o Recursiva de M{\'\i}nimos Quadrados dos seus Par{\^a}metros.},
  author={de Barros Araujo, Rejane and Junior, Joaldo do Nascimento Aguiar Soares},
  year = {2012}
}
@article{de2004auto,
  title={Auto-ajuste de controladores PID usando o m{\'e}todo da lineariza{\c{c}}{\~a}o harm{\^o}nica},
  author={de Sousa Coelho, Carlos Augusto},
  year={2004}
}
@Book{COELHO:2015,
  title     = {Identificação de sistemas dinâmicos lineares},
  publisher = {UFSC},
  year      = {2015},
  author    = {Antonio Augusto Rodrigues Coelho and Leandro dos Santos Coelho}
}
@Book{LJUNG:1983,
  title     = {Theory and Prectice of Recursive Identification},
  publisher = {MIT Press},
  year      = {1983},
  author    = {L. Ljung and S\"{o}derstr\"{o}m}
}
@Book{LANDAU:2006,
  title     = {Digital Control Systems},
  publisher = {Springer},
  year      = {2006},
  author    = {Ioan D. Landau and Gianluca Zito}
}
@INPROCEEDINGS{6173410, 
author={X. Jiang and D. Xin and G. Wu and X. Jiang}, 
booktitle={2012 Second International Conference on Intelligent System Design and Engineering Application}, 
title={The Platform Design that Simulates the Micromouse Move in the Maze}, 
year={2012}, 
pages={1152-1155}, 
keywords={microrobots;mobile robots;path planning;intelligence path planning algorithm research;maze;micromouse move;planning algorithm performance;platform design;Acceleration;Equations;Mathematical model;Path planning;Sensors;Turning;Intelligence algorithm;path planning;simulation}, 
doi={10.1109/ISdea.2012.441}, 
month={Jan},}

@InProceedings{mishabande:2008,
  author    = {Mishra, S. and Bande, P.},
  title     = {Maze solving algorithms for micro mouse},
  year      = {2008},
  pages     = {86-93},
}

@Comment{jabref-meta: databaseType:bibtex;}